<record><leader>00000cas a22000007a 4500</leader><controlfield tag="001">15641335</controlfield><controlfield tag="008">870506c19849999wiuwr ne      0   b0ger d</controlfield><datafield ind1=" " ind2=" " tag="010"><subfield code="a">sn 87082595 </subfield></datafield><datafield ind1=" " ind2=" " tag="040"><subfield code="a">NPV</subfield><subfield code="b">eng</subfield><subfield code="c">NPV</subfield><subfield code="d">DLC</subfield><subfield code="d">NSD</subfield><subfield code="d">DLC</subfield><subfield code="d">NVF</subfield><subfield code="d">CRL</subfield><subfield code="d">OCLCQ</subfield><subfield code="d">OCLCF</subfield><subfield code="d">OCLCO</subfield></datafield><datafield ind1=" " ind2=" " tag="012"><subfield code="l">1</subfield><subfield code="m">x</subfield></datafield><datafield ind1="1" ind2=" " tag="022"><subfield code="a">0896-3770</subfield><subfield code="l">0896-3770</subfield><subfield code="2">1</subfield></datafield><datafield ind1="1" ind2=" " tag="029"><subfield code="a">AU@</subfield><subfield code="b">000025818718</subfield></datafield><datafield ind1=" " ind2=" " tag="037"><subfield code="b">Abendpost Co., 120 Regency Pkwy, Suite 220, Omaha, NE 68114</subfield></datafield><datafield ind1="0" ind2=" " tag="041"><subfield code="a">gereng</subfield></datafield><datafield ind1=" " ind2=" " tag="042"><subfield code="a">msc</subfield><subfield code="a">nsdp</subfield></datafield><datafield ind1=" " ind2=" " tag="043"><subfield code="a">n-us-wi</subfield></datafield><datafield ind1="0" ind2=" " tag="130"><subfield code="a">Abendpost und Milwaukee deutsche Zeitung (Milwaukee, Wis.)</subfield></datafield><datafield ind1=" " ind2="0" tag="222"><subfield code="a">Abendpost und Milwaukee deutsche Zeitung</subfield><subfield code="b">(Milwaukee ed.)</subfield></datafield><datafield ind1="0" ind2="0" tag="245"><subfield code="a">Abendpost und Milwaukee deutsche Zeitung.</subfield></datafield><datafield ind1=" " ind2=" " tag="260"><subfield code="a">Milwaukee, Wis. :</subfield><subfield code="b">Abendpost Co.,</subfield><subfield code="c">1984-</subfield></datafield><datafield ind1=" " ind2=" " tag="300"><subfield code="a">v.</subfield></datafield><datafield ind1=" " ind2=" " tag="310"><subfield code="a">Weekly</subfield></datafield><datafield ind1="0" ind2=" " tag="362"><subfield code="a">95. Jahrg., Nr. 61 (1. Aug. 1984)-</subfield></datafield><datafield ind1=" " ind2=" " tag="530"><subfield code="a">Also available on microfilm from State Historical Society of Wisconsin.</subfield></datafield><datafield ind1=" " ind2=" " tag="546"><subfield code="a">Chiefly in German, some English.</subfield></datafield><datafield ind1=" " ind2=" " tag="580"><subfield code="a">Sunday ed.: Sonntagpost und Milwaukee deutsche Zeitung (Milwaukee, Wis.), 1984-</subfield></datafield><datafield ind1=" " ind2=" " tag="580"><subfield code="a">Chicago eds.: Abendpost und Milwaukee deutsche Zeitung (Chicago, Ill.), 1984-1991, and: Sonntagpost und Milwaukee deutsche Zeitung (Chicago, Ill.), 1984-1991.</subfield></datafield><datafield ind1=" " ind2="0" tag="650"><subfield code="a">German Americans</subfield><subfield code="z">United States</subfield><subfield code="v">Newspapers.</subfield></datafield><datafield ind1=" " ind2="0" tag="651"><subfield code="a">Milwaukee (Wis.)</subfield><subfield code="v">Newspapers.</subfield></datafield><datafield ind1=" " ind2="7" tag="655"><subfield code="a">Newspapers.</subfield><subfield code="2">fast</subfield><subfield code="0">(OCoLC)fst01423814</subfield></datafield><datafield ind1=" " ind2="7" tag="650"><subfield code="a">German Americans.</subfield><subfield code="2">fast</subfield><subfield code="0">(OCoLC)fst00941308</subfield></datafield><datafield ind1=" " ind2="7" tag="651"><subfield code="a">United States.</subfield><subfield code="2">fast</subfield><subfield code="0">(OCoLC)fst01204155</subfield></datafield><datafield ind1=" " ind2="7" tag="651"><subfield code="a">Wisconsin</subfield><subfield code="z">Milwaukee.</subfield><subfield code="2">fast</subfield><subfield code="0">(OCoLC)fst01206626</subfield></datafield><datafield ind1=" " ind2=" " tag="752"><subfield code="a">United States</subfield><subfield code="b">Wisconsin</subfield><subfield code="c">Milwaukee</subfield><subfield code="d">Milwaukee.</subfield></datafield><datafield ind1="1" ind2=" " tag="775"><subfield code="t">Sonntagpost und Milwaukee deutsche Zeitung (Milwaukee, Wis.)</subfield><subfield code="x">0896-3770</subfield><subfield code="w">(DLC)sn 87082594</subfield><subfield code="w">(OCoLC)15641164</subfield></datafield><datafield ind1="1" ind2=" " tag="775"><subfield code="t">Abendpost und Milwaukee deutsche Zeitung (Chicago, Ill.)</subfield><subfield code="x">0896-3762</subfield><subfield code="w">(DLC)sn 83045769</subfield><subfield code="w">(OCoLC)9642195</subfield></datafield><datafield ind1="1" ind2=" " tag="775"><subfield code="t">Sonntagpost und Milwaukee deutsche Zeitung (Chicago, Ill.)</subfield><subfield code="x">0896-3762</subfield><subfield code="w">(DLC)sn 83045785</subfield><subfield code="w">(OCoLC)9642226</subfield></datafield><datafield ind1="0" ind2="0" tag="780"><subfield code="t">Milwaukee deutsche Zeitung und Abendpost</subfield><subfield code="w">(DLC)sn 87082596</subfield><subfield code="w">(OCoLC)15641250</subfield></datafield><datafield ind1=" " ind2=" " tag="936"><subfield code="a">101. Jahrg., Nr. 1 (5. Jan. 1990) LIC</subfield></datafield></record>